%YAML 1.1
%TAG !u! tag:unity3d.com,2011:
--- !u!1001 &100100000
Prefab:
  m_ObjectHideFlags: 1
  serializedVersion: 2
  m_Modification:
    m_TransformParent: {fileID: 0}
    m_Modifications: []
    m_RemovedComponents: []
  m_ParentPrefab: {fileID: 0}
  m_RootGameObject: {fileID: 1129348461737922}
  m_IsPrefabParent: 1
--- !u!1 &1129348461737922
GameObject:
  m_ObjectHideFlags: 0
  m_PrefabParentObject: {fileID: 0}
  m_PrefabInternal: {fileID: 100100000}
  serializedVersion: 5
  m_Component:
  - component: {fileID: 4667879009096356}
  - component: {fileID: 33216232669735534}
  - component: {fileID: 23580608946183726}
  - component: {fileID: 114636063213013914}
  m_Layer: 0
  m_Name: Bunny
  m_TagString: Untagged
  m_Icon: {fileID: 0}
  m_NavMeshLayer: 0
  m_StaticEditorFlags: 0
  m_IsActive: 1
--- !u!4 &4667879009096356
Transform:
  m_ObjectHideFlags: 1
  m_PrefabParentObject: {fileID: 0}
  m_PrefabInternal: {fileID: 100100000}
  m_GameObject: {fileID: 1129348461737922}
  m_LocalRotation: {x: -0, y: -0, z: -0, w: 1}
  m_LocalPosition: {x: 1.02, y: -0.389, z: -2.18}
  m_LocalScale: {x: 1, y: 1, z: 1}
  m_Children: []
  m_Father: {fileID: 0}
  m_RootOrder: 0
  m_LocalEulerAnglesHint: {x: 0, y: 0, z: 0}
--- !u!23 &23580608946183726
MeshRenderer:
  m_ObjectHideFlags: 1
  m_PrefabParentObject: {fileID: 0}
  m_PrefabInternal: {fileID: 100100000}
  m_GameObject: {fileID: 1129348461737922}
  m_Enabled: 1
  m_CastShadows: 1
  m_ReceiveShadows: 1
  m_DynamicOccludee: 1
  m_MotionVectors: 1
  m_LightProbeUsage: 1
  m_ReflectionProbeUsage: 1
  m_Materials:
  - {fileID: 2100000, guid: f3cd494854c996042bfe0a7f36356d58, type: 2}
  m_StaticBatchInfo:
    firstSubMesh: 0
    subMeshCount: 0
  m_StaticBatchRoot: {fileID: 0}
  m_ProbeAnchor: {fileID: 0}
  m_LightProbeVolumeOverride: {fileID: 0}
  m_ScaleInLightmap: 1
  m_PreserveUVs: 1
  m_IgnoreNormalsForChartDetection: 0
  m_ImportantGI: 0
  m_StitchLightmapSeams: 0
  m_SelectedEditorRenderState: 3
  m_MinimumChartSize: 4
  m_AutoUVMaxDistance: 0.5
  m_AutoUVMaxAngle: 89
  m_LightmapParameters: {fileID: 0}
  m_SortingLayerID: 0
  m_SortingLayer: 0
  m_SortingOrder: 0
--- !u!33 &33216232669735534
MeshFilter:
  m_ObjectHideFlags: 1
  m_PrefabParentObject: {fileID: 0}
  m_PrefabInternal: {fileID: 100100000}
  m_GameObject: {fileID: 1129348461737922}
  m_Mesh: {fileID: 4300000, guid: c978cc4b4e4ce2a419d47acb8a5d1ce1, type: 3}
--- !u!114 &114636063213013914
MonoBehaviour:
  m_ObjectHideFlags: 1
  m_PrefabParentObject: {fileID: 0}
  m_PrefabInternal: {fileID: 100100000}
  m_GameObject: {fileID: 1129348461737922}
  m_Enabled: 1
  m_EditorHideFlags: 0
  m_Script: {fileID: 11500000, guid: 2b19024555e92f244bf5534e10a53b41, type: 3}
  m_Name: 
  m_EditorClassIdentifier: 
  meshTransform:
    localToWorld:
      e00: 0
      e01: 0
      e02: 0
      e03: 0
      e10: 0
      e11: 0
      e12: 0
      e13: 0
      e20: 0
      e21: 0
      e22: 0
      e23: 0
      e30: 0
      e31: 0
      e32: 0
      e33: 0
    worldToLocal:
      e00: 0
      e01: 0
      e02: 0
      e03: 0
      e10: 0
      e11: 0
      e12: 0
      e13: 0
      e20: 0
      e21: 0
      e22: 0
      e23: 0
      e30: 0
      e31: 0
      e32: 0
      e33: 0
    onlyRotation:
      e00: 0
      e01: 0
      e02: 0
      e03: 0
      e10: 0
      e11: 0
      e12: 0
      e13: 0
      e20: 0
      e21: 0
      e22: 0
      e23: 0
      e30: 0
      e31: 0
      e32: 0
      e33: 0
    onlyPosition:
      e00: 0
      e01: 0
      e02: 0
      e03: 0
      e10: 0
      e11: 0
      e12: 0
      e13: 0
      e20: 0
      e21: 0
      e22: 0
      e23: 0
      e30: 0
      e31: 0
      e32: 0
      e33: 0
    onlyScale:
      e00: 0
      e01: 0
      e02: 0
      e03: 0
      e10: 0
      e11: 0
      e12: 0
      e13: 0
      e20: 0
      e21: 0
      e22: 0
      e23: 0
      e30: 0
      e31: 0
      e32: 0
      e33: 0
  meshData:
    vertice_init: 0
    vertice_count: 0
    triangle_init: 0
    triangle_count: 0
    boundbox_init: 0
    boundbox_count: 0
    color: {x: 0, y: 0, z: 0, w: 0}
    indice: 0
  triangleCount: 0
  boxCount: 0
  gizmosBoxtoShow: 0
