%YAML 1.1
%TAG !u! tag:unity3d.com,2011:
--- !u!29 &1
OcclusionCullingSettings:
  m_ObjectHideFlags: 0
  serializedVersion: 2
  m_OcclusionBakeSettings:
    smallestOccluder: 5
    smallestHole: 0.25
    backfaceThreshold: 100
  m_SceneGUID: 00000000000000000000000000000000
  m_OcclusionCullingData: {fileID: 0}
--- !u!104 &2
RenderSettings:
  m_ObjectHideFlags: 0
  serializedVersion: 8
  m_Fog: 0
  m_FogColor: {r: 0.5, g: 0.5, b: 0.5, a: 1}
  m_FogMode: 3
  m_FogDensity: 0.01
  m_LinearFogStart: 0
  m_LinearFogEnd: 300
  m_AmbientSkyColor: {r: 0.212, g: 0.227, b: 0.259, a: 1}
  m_AmbientEquatorColor: {r: 0.114, g: 0.125, b: 0.133, a: 1}
  m_AmbientGroundColor: {r: 0.047, g: 0.043, b: 0.035, a: 1}
  m_AmbientIntensity: 1
  m_AmbientMode: 0
  m_SubtractiveShadowColor: {r: 0.42, g: 0.478, b: 0.627, a: 1}
  m_SkyboxMaterial: {fileID: 10304, guid: 0000000000000000f000000000000000, type: 0}
  m_HaloStrength: 0.5
  m_FlareStrength: 1
  m_FlareFadeSpeed: 3
  m_HaloTexture: {fileID: 0}
  m_SpotCookie: {fileID: 10001, guid: 0000000000000000e000000000000000, type: 0}
  m_DefaultReflectionMode: 0
  m_DefaultReflectionResolution: 128
  m_ReflectionBounces: 1
  m_ReflectionIntensity: 1
  m_CustomReflection: {fileID: 0}
  m_Sun: {fileID: 0}
  m_IndirectSpecularColor: {r: 0.37311953, g: 0.38074014, b: 0.3587274, a: 1}
--- !u!157 &3
LightmapSettings:
  m_ObjectHideFlags: 0
  serializedVersion: 11
  m_GIWorkflowMode: 0
  m_GISettings:
    serializedVersion: 2
    m_BounceScale: 1
    m_IndirectOutputScale: 1
    m_AlbedoBoost: 1
    m_TemporalCoherenceThreshold: 1
    m_EnvironmentLightingMode: 0
    m_EnableBakedLightmaps: 1
    m_EnableRealtimeLightmaps: 1
  m_LightmapEditorSettings:
    serializedVersion: 9
    m_Resolution: 2
    m_BakeResolution: 40
    m_TextureWidth: 1024
    m_TextureHeight: 1024
    m_AO: 0
    m_AOMaxDistance: 1
    m_CompAOExponent: 1
    m_CompAOExponentDirect: 0
    m_Padding: 2
    m_LightmapParameters: {fileID: 0}
    m_LightmapsBakeMode: 1
    m_TextureCompression: 1
    m_FinalGather: 0
    m_FinalGatherFiltering: 1
    m_FinalGatherRayCount: 256
    m_ReflectionCompression: 2
    m_MixedBakeMode: 2
    m_BakeBackend: 0
    m_PVRSampling: 1
    m_PVRDirectSampleCount: 32
    m_PVRSampleCount: 500
    m_PVRBounces: 2
    m_PVRFilterTypeDirect: 0
    m_PVRFilterTypeIndirect: 0
    m_PVRFilterTypeAO: 0
    m_PVRFilteringMode: 1
    m_PVRCulling: 1
    m_PVRFilteringGaussRadiusDirect: 1
    m_PVRFilteringGaussRadiusIndirect: 5
    m_PVRFilteringGaussRadiusAO: 2
    m_PVRFilteringAtrousPositionSigmaDirect: 0.5
    m_PVRFilteringAtrousPositionSigmaIndirect: 2
    m_PVRFilteringAtrousPositionSigmaAO: 1
  m_LightingDataAsset: {fileID: 0}
  m_UseShadowmask: 1
--- !u!196 &4
NavMeshSettings:
  serializedVersion: 2
  m_ObjectHideFlags: 0
  m_BuildSettings:
    serializedVersion: 2
    agentTypeID: 0
    agentRadius: 0.5
    agentHeight: 2
    agentSlope: 45
    agentClimb: 0.4
    ledgeDropHeight: 0
    maxJumpAcrossDistance: 0
    minRegionArea: 2
    manualCellSize: 0
    cellSize: 0.16666667
    manualTileSize: 0
    tileSize: 256
    accuratePlacement: 0
    debug:
      m_Flags: 0
  m_NavMeshData: {fileID: 0}
--- !u!1001 &59904924
Prefab:
  m_ObjectHideFlags: 0
  serializedVersion: 2
  m_Modification:
    m_TransformParent: {fileID: 0}
    m_Modifications:
    - target: {fileID: 4526587429174652, guid: 2231305a264f8374caf01db51df24d3d, type: 2}
      propertyPath: m_LocalPosition.x
      value: 6.09
      objectReference: {fileID: 0}
    - target: {fileID: 4526587429174652, guid: 2231305a264f8374caf01db51df24d3d, type: 2}
      propertyPath: m_LocalPosition.y
      value: 3.72
      objectReference: {fileID: 0}
    - target: {fileID: 4526587429174652, guid: 2231305a264f8374caf01db51df24d3d, type: 2}
      propertyPath: m_LocalPosition.z
      value: -5.78
      objectReference: {fileID: 0}
    - target: {fileID: 4526587429174652, guid: 2231305a264f8374caf01db51df24d3d, type: 2}
      propertyPath: m_LocalRotation.x
      value: 0
      objectReference: {fileID: 0}
    - target: {fileID: 4526587429174652, guid: 2231305a264f8374caf01db51df24d3d, type: 2}
      propertyPath: m_LocalRotation.y
      value: 0
      objectReference: {fileID: 0}
    - target: {fileID: 4526587429174652, guid: 2231305a264f8374caf01db51df24d3d, type: 2}
      propertyPath: m_LocalRotation.z
      value: 0
      objectReference: {fileID: 0}
    - target: {fileID: 4526587429174652, guid: 2231305a264f8374caf01db51df24d3d, type: 2}
      propertyPath: m_LocalRotation.w
      value: 1
      objectReference: {fileID: 0}
    - target: {fileID: 4526587429174652, guid: 2231305a264f8374caf01db51df24d3d, type: 2}
      propertyPath: m_RootOrder
      value: 11
      objectReference: {fileID: 0}
    - target: {fileID: 1621402223243538, guid: 2231305a264f8374caf01db51df24d3d, type: 2}
      propertyPath: m_Name
      value: Sphere (9)
      objectReference: {fileID: 0}
    - target: {fileID: 23330200138442668, guid: 2231305a264f8374caf01db51df24d3d,
        type: 2}
      propertyPath: m_Materials.Array.data[0]
      value: 
      objectReference: {fileID: 2100000, guid: e4961dc80b0f26c4eb44c4d54d274e46, type: 2}
    - target: {fileID: 4526587429174652, guid: 2231305a264f8374caf01db51df24d3d, type: 2}
      propertyPath: m_LocalEulerAnglesHint.x
      value: 0
      objectReference: {fileID: 0}
    - target: {fileID: 4526587429174652, guid: 2231305a264f8374caf01db51df24d3d, type: 2}
      propertyPath: m_LocalEulerAnglesHint.y
      value: 0
      objectReference: {fileID: 0}
    - target: {fileID: 4526587429174652, guid: 2231305a264f8374caf01db51df24d3d, type: 2}
      propertyPath: m_LocalEulerAnglesHint.z
      value: 0
      objectReference: {fileID: 0}
    - target: {fileID: 1621402223243538, guid: 2231305a264f8374caf01db51df24d3d, type: 2}
      propertyPath: m_IsActive
      value: 1
      objectReference: {fileID: 0}
    - target: {fileID: 4526587429174652, guid: 2231305a264f8374caf01db51df24d3d, type: 2}
      propertyPath: m_LocalScale.x
      value: 0.092206515
      objectReference: {fileID: 0}
    - target: {fileID: 4526587429174652, guid: 2231305a264f8374caf01db51df24d3d, type: 2}
      propertyPath: m_LocalScale.y
      value: 0.092206605
      objectReference: {fileID: 0}
    - target: {fileID: 4526587429174652, guid: 2231305a264f8374caf01db51df24d3d, type: 2}
      propertyPath: m_LocalScale.z
      value: 0.09220655
      objectReference: {fileID: 0}
    - target: {fileID: 23330200138442668, guid: 2231305a264f8374caf01db51df24d3d,
        type: 2}
      propertyPath: m_ReceiveShadows
      value: 0
      objectReference: {fileID: 0}
    - target: {fileID: 23330200138442668, guid: 2231305a264f8374caf01db51df24d3d,
        type: 2}
      propertyPath: m_CastShadows
      value: 0
      objectReference: {fileID: 0}
    m_RemovedComponents: []
  m_ParentPrefab: {fileID: 100100000, guid: 2231305a264f8374caf01db51df24d3d, type: 2}
  m_IsPrefabParent: 0
--- !u!1001 &100696847
Prefab:
  m_ObjectHideFlags: 0
  serializedVersion: 2
  m_Modification:
    m_TransformParent: {fileID: 0}
    m_Modifications:
    - target: {fileID: 4526587429174652, guid: 2231305a264f8374caf01db51df24d3d, type: 2}
      propertyPath: m_LocalPosition.x
      value: 6.09
      objectReference: {fileID: 0}
    - target: {fileID: 4526587429174652, guid: 2231305a264f8374caf01db51df24d3d, type: 2}
      propertyPath: m_LocalPosition.y
      value: 3.72
      objectReference: {fileID: 0}
    - target: {fileID: 4526587429174652, guid: 2231305a264f8374caf01db51df24d3d, type: 2}
      propertyPath: m_LocalPosition.z
      value: 6.22
      objectReference: {fileID: 0}
    - target: {fileID: 4526587429174652, guid: 2231305a264f8374caf01db51df24d3d, type: 2}
      propertyPath: m_LocalRotation.x
      value: 0
      objectReference: {fileID: 0}
    - target: {fileID: 4526587429174652, guid: 2231305a264f8374caf01db51df24d3d, type: 2}
      propertyPath: m_LocalRotation.y
      value: 0
      objectReference: {fileID: 0}
    - target: {fileID: 4526587429174652, guid: 2231305a264f8374caf01db51df24d3d, type: 2}
      propertyPath: m_LocalRotation.z
      value: 0
      objectReference: {fileID: 0}
    - target: {fileID: 4526587429174652, guid: 2231305a264f8374caf01db51df24d3d, type: 2}
      propertyPath: m_LocalRotation.w
      value: 1
      objectReference: {fileID: 0}
    - target: {fileID: 4526587429174652, guid: 2231305a264f8374caf01db51df24d3d, type: 2}
      propertyPath: m_RootOrder
      value: 5
      objectReference: {fileID: 0}
    - target: {fileID: 1621402223243538, guid: 2231305a264f8374caf01db51df24d3d, type: 2}
      propertyPath: m_Name
      value: Sphere (3)
      objectReference: {fileID: 0}
    - target: {fileID: 23330200138442668, guid: 2231305a264f8374caf01db51df24d3d,
        type: 2}
      propertyPath: m_Materials.Array.data[0]
      value: 
      objectReference: {fileID: 2100000, guid: e4961dc80b0f26c4eb44c4d54d274e46, type: 2}
    - target: {fileID: 4526587429174652, guid: 2231305a264f8374caf01db51df24d3d, type: 2}
      propertyPath: m_LocalEulerAnglesHint.x
      value: 0
      objectReference: {fileID: 0}
    - target: {fileID: 4526587429174652, guid: 2231305a264f8374caf01db51df24d3d, type: 2}
      propertyPath: m_LocalEulerAnglesHint.y
      value: 0
      objectReference: {fileID: 0}
    - target: {fileID: 4526587429174652, guid: 2231305a264f8374caf01db51df24d3d, type: 2}
      propertyPath: m_LocalEulerAnglesHint.z
      value: 0
      objectReference: {fileID: 0}
    - target: {fileID: 1621402223243538, guid: 2231305a264f8374caf01db51df24d3d, type: 2}
      propertyPath: m_IsActive
      value: 1
      objectReference: {fileID: 0}
    - target: {fileID: 4526587429174652, guid: 2231305a264f8374caf01db51df24d3d, type: 2}
      propertyPath: m_LocalScale.x
      value: 0.092206515
      objectReference: {fileID: 0}
    - target: {fileID: 4526587429174652, guid: 2231305a264f8374caf01db51df24d3d, type: 2}
      propertyPath: m_LocalScale.y
      value: 0.092206605
      objectReference: {fileID: 0}
    - target: {fileID: 4526587429174652, guid: 2231305a264f8374caf01db51df24d3d, type: 2}
      propertyPath: m_LocalScale.z
      value: 0.09220655
      objectReference: {fileID: 0}
    - target: {fileID: 23330200138442668, guid: 2231305a264f8374caf01db51df24d3d,
        type: 2}
      propertyPath: m_ReceiveShadows
      value: 0
      objectReference: {fileID: 0}
    - target: {fileID: 23330200138442668, guid: 2231305a264f8374caf01db51df24d3d,
        type: 2}
      propertyPath: m_CastShadows
      value: 0
      objectReference: {fileID: 0}
    m_RemovedComponents: []
  m_ParentPrefab: {fileID: 100100000, guid: 2231305a264f8374caf01db51df24d3d, type: 2}
  m_IsPrefabParent: 0
--- !u!1001 &238924258
Prefab:
  m_ObjectHideFlags: 0
  serializedVersion: 2
  m_Modification:
    m_TransformParent: {fileID: 1821878832}
    m_Modifications:
    - target: {fileID: 4194862887757238, guid: e1b33ae866d7aad428a268d15d4448fd, type: 2}
      propertyPath: m_LocalPosition.x
      value: 5.5519915
      objectReference: {fileID: 0}
    - target: {fileID: 4194862887757238, guid: e1b33ae866d7aad428a268d15d4448fd, type: 2}
      propertyPath: m_LocalPosition.y
      value: 3.2874703
      objectReference: {fileID: 0}
    - target: {fileID: 4194862887757238, guid: e1b33ae866d7aad428a268d15d4448fd, type: 2}
      propertyPath: m_LocalPosition.z
      value: 2.1948228
      objectReference: {fileID: 0}
    - target: {fileID: 4194862887757238, guid: e1b33ae866d7aad428a268d15d4448fd, type: 2}
      propertyPath: m_LocalRotation.x
      value: -0
      objectReference: {fileID: 0}
    - target: {fileID: 4194862887757238, guid: e1b33ae866d7aad428a268d15d4448fd, type: 2}
      propertyPath: m_LocalRotation.y
      value: -0
      objectReference: {fileID: 0}
    - target: {fileID: 4194862887757238, guid: e1b33ae866d7aad428a268d15d4448fd, type: 2}
      propertyPath: m_LocalRotation.z
      value: -0.7071068
      objectReference: {fileID: 0}
    - target: {fileID: 4194862887757238, guid: e1b33ae866d7aad428a268d15d4448fd, type: 2}
      propertyPath: m_LocalRotation.w
      value: -0.7071068
      objectReference: {fileID: 0}
    - target: {fileID: 4194862887757238, guid: e1b33ae866d7aad428a268d15d4448fd, type: 2}
      propertyPath: m_RootOrder
      value: 0
      objectReference: {fileID: 0}
    - target: {fileID: 4194862887757238, guid: e1b33ae866d7aad428a268d15d4448fd, type: 2}
      propertyPath: m_LocalScale.x
      value: 0.861993
      objectReference: {fileID: 0}
    - target: {fileID: 4194862887757238, guid: e1b33ae866d7aad428a268d15d4448fd, type: 2}
      propertyPath: m_LocalScale.y
      value: 1.4761592
      objectReference: {fileID: 0}
    - target: {fileID: 4194862887757238, guid: e1b33ae866d7aad428a268d15d4448fd, type: 2}
      propertyPath: m_LocalScale.z
      value: 1.4761586
      objectReference: {fileID: 0}
    - target: {fileID: 23339365231072450, guid: e1b33ae866d7aad428a268d15d4448fd,
        type: 2}
      propertyPath: m_Materials.Array.data[0]
      value: 
      objectReference: {fileID: 2100000, guid: f3cd494854c996042bfe0a7f36356d58, type: 2}
    - target: {fileID: 1145214397156218, guid: e1b33ae866d7aad428a268d15d4448fd, type: 2}
      propertyPath: m_Name
      value: Plane (3)
      objectReference: {fileID: 0}
    - target: {fileID: 4194862887757238, guid: e1b33ae866d7aad428a268d15d4448fd, type: 2}
      propertyPath: m_LocalEulerAnglesHint.z
      value: -270
      objectReference: {fileID: 0}
    m_RemovedComponents: []
  m_ParentPrefab: {fileID: 100100000, guid: e1b33ae866d7aad428a268d15d4448fd, type: 2}
  m_IsPrefabParent: 0
--- !u!1 &314974937 stripped
GameObject:
  m_PrefabParentObject: {fileID: 1621402223243538, guid: 2231305a264f8374caf01db51df24d3d,
    type: 2}
  m_PrefabInternal: {fileID: 561331848}
--- !u!108 &314974938
Light:
  m_ObjectHideFlags: 0
  m_PrefabParentObject: {fileID: 0}
  m_PrefabInternal: {fileID: 0}
  m_GameObject: {fileID: 314974937}
  m_Enabled: 1
  serializedVersion: 8
  m_Type: 2
  m_Color: {r: 1, g: 1, b: 1, a: 1}
  m_Intensity: 2
  m_Range: 10
  m_SpotAngle: 30
  m_CookieSize: 10
  m_Shadows:
    m_Type: 2
    m_Resolution: -1
    m_CustomResolution: -1
    m_Strength: 1
    m_Bias: 0.05
    m_NormalBias: 0.4
    m_NearPlane: 0.2
  m_Cookie: {fileID: 0}
  m_DrawHalo: 0
  m_Flare: {fileID: 0}
  m_RenderMode: 0
  m_CullingMask:
    serializedVersion: 2
    m_Bits: 4294967295
  m_Lightmapping: 4
  m_AreaSize: {x: 1, y: 1}
  m_BounceIntensity: 1
  m_ColorTemperature: 6570
  m_UseColorTemperature: 0
  m_ShadowRadius: 0
  m_ShadowAngle: 0
--- !u!1001 &445202181
Prefab:
  m_ObjectHideFlags: 0
  serializedVersion: 2
  m_Modification:
    m_TransformParent: {fileID: 0}
    m_Modifications:
    - target: {fileID: 4526587429174652, guid: 2231305a264f8374caf01db51df24d3d, type: 2}
      propertyPath: m_LocalPosition.x
      value: 6.09
      objectReference: {fileID: 0}
    - target: {fileID: 4526587429174652, guid: 2231305a264f8374caf01db51df24d3d, type: 2}
      propertyPath: m_LocalPosition.y
      value: 3.72
      objectReference: {fileID: 0}
    - target: {fileID: 4526587429174652, guid: 2231305a264f8374caf01db51df24d3d, type: 2}
      propertyPath: m_LocalPosition.z
      value: -3.78
      objectReference: {fileID: 0}
    - target: {fileID: 4526587429174652, guid: 2231305a264f8374caf01db51df24d3d, type: 2}
      propertyPath: m_LocalRotation.x
      value: 0
      objectReference: {fileID: 0}
    - target: {fileID: 4526587429174652, guid: 2231305a264f8374caf01db51df24d3d, type: 2}
      propertyPath: m_LocalRotation.y
      value: 0
      objectReference: {fileID: 0}
    - target: {fileID: 4526587429174652, guid: 2231305a264f8374caf01db51df24d3d, type: 2}
      propertyPath: m_LocalRotation.z
      value: 0
      objectReference: {fileID: 0}
    - target: {fileID: 4526587429174652, guid: 2231305a264f8374caf01db51df24d3d, type: 2}
      propertyPath: m_LocalRotation.w
      value: 1
      objectReference: {fileID: 0}
    - target: {fileID: 4526587429174652, guid: 2231305a264f8374caf01db51df24d3d, type: 2}
      propertyPath: m_RootOrder
      value: 10
      objectReference: {fileID: 0}
    - target: {fileID: 1621402223243538, guid: 2231305a264f8374caf01db51df24d3d, type: 2}
      propertyPath: m_Name
      value: Sphere (8)
      objectReference: {fileID: 0}
    - target: {fileID: 23330200138442668, guid: 2231305a264f8374caf01db51df24d3d,
        type: 2}
      propertyPath: m_Materials.Array.data[0]
      value: 
      objectReference: {fileID: 2100000, guid: e4961dc80b0f26c4eb44c4d54d274e46, type: 2}
    - target: {fileID: 4526587429174652, guid: 2231305a264f8374caf01db51df24d3d, type: 2}
      propertyPath: m_LocalEulerAnglesHint.x
      value: 0
      objectReference: {fileID: 0}
    - target: {fileID: 4526587429174652, guid: 2231305a264f8374caf01db51df24d3d, type: 2}
      propertyPath: m_LocalEulerAnglesHint.y
      value: 0
      objectReference: {fileID: 0}
    - target: {fileID: 4526587429174652, guid: 2231305a264f8374caf01db51df24d3d, type: 2}
      propertyPath: m_LocalEulerAnglesHint.z
      value: 0
      objectReference: {fileID: 0}
    - target: {fileID: 1621402223243538, guid: 2231305a264f8374caf01db51df24d3d, type: 2}
      propertyPath: m_IsActive
      value: 1
      objectReference: {fileID: 0}
    - target: {fileID: 4526587429174652, guid: 2231305a264f8374caf01db51df24d3d, type: 2}
      propertyPath: m_LocalScale.x
      value: 0.092206515
      objectReference: {fileID: 0}
    - target: {fileID: 4526587429174652, guid: 2231305a264f8374caf01db51df24d3d, type: 2}
      propertyPath: m_LocalScale.y
      value: 0.092206605
      objectReference: {fileID: 0}
    - target: {fileID: 4526587429174652, guid: 2231305a264f8374caf01db51df24d3d, type: 2}
      propertyPath: m_LocalScale.z
      value: 0.09220655
      objectReference: {fileID: 0}
    - target: {fileID: 23330200138442668, guid: 2231305a264f8374caf01db51df24d3d,
        type: 2}
      propertyPath: m_ReceiveShadows
      value: 0
      objectReference: {fileID: 0}
    - target: {fileID: 23330200138442668, guid: 2231305a264f8374caf01db51df24d3d,
        type: 2}
      propertyPath: m_CastShadows
      value: 0
      objectReference: {fileID: 0}
    m_RemovedComponents: []
  m_ParentPrefab: {fileID: 100100000, guid: 2231305a264f8374caf01db51df24d3d, type: 2}
  m_IsPrefabParent: 0
--- !u!1 &488392470
GameObject:
  m_ObjectHideFlags: 0
  m_PrefabParentObject: {fileID: 0}
  m_PrefabInternal: {fileID: 0}
  serializedVersion: 5
  m_Component:
  - component: {fileID: 488392471}
  m_Layer: 0
  m_Name: lights
  m_TagString: Untagged
  m_Icon: {fileID: 0}
  m_NavMeshLayer: 0
  m_StaticEditorFlags: 0
  m_IsActive: 1
--- !u!4 &488392471
Transform:
  m_ObjectHideFlags: 0
  m_PrefabParentObject: {fileID: 0}
  m_PrefabInternal: {fileID: 0}
  m_GameObject: {fileID: 488392470}
  m_LocalRotation: {x: 0, y: 0.7071068, z: 0, w: 0.7071068}
  m_LocalPosition: {x: 5.3, y: 0.95, z: 4.963}
  m_LocalScale: {x: 1.006674, y: 1.0066748, z: 1.0066748}
  m_Children: []
  m_Father: {fileID: 0}
  m_RootOrder: 3
  m_LocalEulerAnglesHint: {x: 0, y: 90, z: 0}
--- !u!1001 &514055837
Prefab:
  m_ObjectHideFlags: 0
  serializedVersion: 2
  m_Modification:
    m_TransformParent: {fileID: 1821878832}
    m_Modifications:
    - target: {fileID: 4194862887757238, guid: e1b33ae866d7aad428a268d15d4448fd, type: 2}
      propertyPath: m_LocalPosition.x
      value: -1.188
      objectReference: {fileID: 0}
    - target: {fileID: 4194862887757238, guid: e1b33ae866d7aad428a268d15d4448fd, type: 2}
      propertyPath: m_LocalPosition.y
      value: 3.2874703
      objectReference: {fileID: 0}
    - target: {fileID: 4194862887757238, guid: e1b33ae866d7aad428a268d15d4448fd, type: 2}
      propertyPath: m_LocalPosition.z
      value: 8.514823
      objectReference: {fileID: 0}
    - target: {fileID: 4194862887757238, guid: e1b33ae866d7aad428a268d15d4448fd, type: 2}
      propertyPath: m_LocalRotation.x
      value: -0.5
      objectReference: {fileID: 0}
    - target: {fileID: 4194862887757238, guid: e1b33ae866d7aad428a268d15d4448fd, type: 2}
      propertyPath: m_LocalRotation.y
      value: 0.5
      objectReference: {fileID: 0}
    - target: {fileID: 4194862887757238, guid: e1b33ae866d7aad428a268d15d4448fd, type: 2}
      propertyPath: m_LocalRotation.z
      value: -0.5
      objectReference: {fileID: 0}
    - target: {fileID: 4194862887757238, guid: e1b33ae866d7aad428a268d15d4448fd, type: 2}
      propertyPath: m_LocalRotation.w
      value: 0.5
      objectReference: {fileID: 0}
    - target: {fileID: 4194862887757238, guid: e1b33ae866d7aad428a268d15d4448fd, type: 2}
      propertyPath: m_RootOrder
      value: 1
      objectReference: {fileID: 0}
    - target: {fileID: 4194862887757238, guid: e1b33ae866d7aad428a268d15d4448fd, type: 2}
      propertyPath: m_LocalScale.x
      value: 0.86864316
      objectReference: {fileID: 0}
    - target: {fileID: 4194862887757238, guid: e1b33ae866d7aad428a268d15d4448fd, type: 2}
      propertyPath: m_LocalScale.y
      value: 1.4875478
      objectReference: {fileID: 0}
    - target: {fileID: 4194862887757238, guid: e1b33ae866d7aad428a268d15d4448fd, type: 2}
      propertyPath: m_LocalScale.z
      value: 1.4875478
      objectReference: {fileID: 0}
    - target: {fileID: 23339365231072450, guid: e1b33ae866d7aad428a268d15d4448fd,
        type: 2}
      propertyPath: m_Materials.Array.data[0]
      value: 
      objectReference: {fileID: 2100000, guid: 2ea79aff23334d842a4c70d1b1828434, type: 2}
    - target: {fileID: 1145214397156218, guid: e1b33ae866d7aad428a268d15d4448fd, type: 2}
      propertyPath: m_Name
      value: Plane (4)
      objectReference: {fileID: 0}
    - target: {fileID: 4194862887757238, guid: e1b33ae866d7aad428a268d15d4448fd, type: 2}
      propertyPath: m_LocalEulerAnglesHint.z
      value: -90.00001
      objectReference: {fileID: 0}
    - target: {fileID: 4194862887757238, guid: e1b33ae866d7aad428a268d15d4448fd, type: 2}
      propertyPath: m_LocalEulerAnglesHint.y
      value: 90
      objectReference: {fileID: 0}
    m_RemovedComponents: []
  m_ParentPrefab: {fileID: 100100000, guid: e1b33ae866d7aad428a268d15d4448fd, type: 2}
  m_IsPrefabParent: 0
--- !u!1001 &561331848
Prefab:
  m_ObjectHideFlags: 0
  serializedVersion: 2
  m_Modification:
    m_TransformParent: {fileID: 0}
    m_Modifications:
    - target: {fileID: 4526587429174652, guid: 2231305a264f8374caf01db51df24d3d, type: 2}
      propertyPath: m_LocalPosition.x
      value: 6.09
      objectReference: {fileID: 0}
    - target: {fileID: 4526587429174652, guid: 2231305a264f8374caf01db51df24d3d, type: 2}
      propertyPath: m_LocalPosition.y
      value: 3.72
      objectReference: {fileID: 0}
    - target: {fileID: 4526587429174652, guid: 2231305a264f8374caf01db51df24d3d, type: 2}
      propertyPath: m_LocalPosition.z
      value: 4.22
      objectReference: {fileID: 0}
    - target: {fileID: 4526587429174652, guid: 2231305a264f8374caf01db51df24d3d, type: 2}
      propertyPath: m_LocalRotation.x
      value: 0
      objectReference: {fileID: 0}
    - target: {fileID: 4526587429174652, guid: 2231305a264f8374caf01db51df24d3d, type: 2}
      propertyPath: m_LocalRotation.y
      value: 0
      objectReference: {fileID: 0}
    - target: {fileID: 4526587429174652, guid: 2231305a264f8374caf01db51df24d3d, type: 2}
      propertyPath: m_LocalRotation.z
      value: 0
      objectReference: {fileID: 0}
    - target: {fileID: 4526587429174652, guid: 2231305a264f8374caf01db51df24d3d, type: 2}
      propertyPath: m_LocalRotation.w
      value: 1
      objectReference: {fileID: 0}
    - target: {fileID: 4526587429174652, guid: 2231305a264f8374caf01db51df24d3d, type: 2}
      propertyPath: m_RootOrder
      value: 6
      objectReference: {fileID: 0}
    - target: {fileID: 1621402223243538, guid: 2231305a264f8374caf01db51df24d3d, type: 2}
      propertyPath: m_Name
      value: Sphere (4)
      objectReference: {fileID: 0}
    - target: {fileID: 23330200138442668, guid: 2231305a264f8374caf01db51df24d3d,
        type: 2}
      propertyPath: m_Materials.Array.data[0]
      value: 
      objectReference: {fileID: 2100000, guid: e4961dc80b0f26c4eb44c4d54d274e46, type: 2}
    - target: {fileID: 4526587429174652, guid: 2231305a264f8374caf01db51df24d3d, type: 2}
      propertyPath: m_LocalEulerAnglesHint.x
      value: 0
      objectReference: {fileID: 0}
    - target: {fileID: 4526587429174652, guid: 2231305a264f8374caf01db51df24d3d, type: 2}
      propertyPath: m_LocalEulerAnglesHint.y
      value: 0
      objectReference: {fileID: 0}
    - target: {fileID: 4526587429174652, guid: 2231305a264f8374caf01db51df24d3d, type: 2}
      propertyPath: m_LocalEulerAnglesHint.z
      value: 0
      objectReference: {fileID: 0}
    - target: {fileID: 1621402223243538, guid: 2231305a264f8374caf01db51df24d3d, type: 2}
      propertyPath: m_IsActive
      value: 1
      objectReference: {fileID: 0}
    - target: {fileID: 4526587429174652, guid: 2231305a264f8374caf01db51df24d3d, type: 2}
      propertyPath: m_LocalScale.x
      value: 0.092206515
      objectReference: {fileID: 0}
    - target: {fileID: 4526587429174652, guid: 2231305a264f8374caf01db51df24d3d, type: 2}
      propertyPath: m_LocalScale.y
      value: 0.092206605
      objectReference: {fileID: 0}
    - target: {fileID: 4526587429174652, guid: 2231305a264f8374caf01db51df24d3d, type: 2}
      propertyPath: m_LocalScale.z
      value: 0.09220655
      objectReference: {fileID: 0}
    - target: {fileID: 23330200138442668, guid: 2231305a264f8374caf01db51df24d3d,
        type: 2}
      propertyPath: m_ReceiveShadows
      value: 0
      objectReference: {fileID: 0}
    - target: {fileID: 23330200138442668, guid: 2231305a264f8374caf01db51df24d3d,
        type: 2}
      propertyPath: m_CastShadows
      value: 0
      objectReference: {fileID: 0}
    m_RemovedComponents: []
  m_ParentPrefab: {fileID: 100100000, guid: 2231305a264f8374caf01db51df24d3d, type: 2}
  m_IsPrefabParent: 0
--- !u!1 &611905092 stripped
GameObject:
  m_PrefabParentObject: {fileID: 1621402223243538, guid: 2231305a264f8374caf01db51df24d3d,
    type: 2}
  m_PrefabInternal: {fileID: 100696847}
--- !u!108 &611905093
Light:
  m_ObjectHideFlags: 0
  m_PrefabParentObject: {fileID: 0}
  m_PrefabInternal: {fileID: 0}
  m_GameObject: {fileID: 611905092}
  m_Enabled: 1
  serializedVersion: 8
  m_Type: 2
  m_Color: {r: 1, g: 1, b: 1, a: 1}
  m_Intensity: 2
  m_Range: 10
  m_SpotAngle: 30
  m_CookieSize: 10
  m_Shadows:
    m_Type: 2
    m_Resolution: -1
    m_CustomResolution: -1
    m_Strength: 1
    m_Bias: 0.05
    m_NormalBias: 0.4
    m_NearPlane: 0.2
  m_Cookie: {fileID: 0}
  m_DrawHalo: 0
  m_Flare: {fileID: 0}
  m_RenderMode: 0
  m_CullingMask:
    serializedVersion: 2
    m_Bits: 4294967295
  m_Lightmapping: 4
  m_AreaSize: {x: 1, y: 1}
  m_BounceIntensity: 1
  m_ColorTemperature: 6570
  m_UseColorTemperature: 0
  m_ShadowRadius: 0
  m_ShadowAngle: 0
--- !u!4 &655609446 stripped
Transform:
  m_PrefabParentObject: {fileID: 4194862887757238, guid: e1b33ae866d7aad428a268d15d4448fd,
    type: 2}
  m_PrefabInternal: {fileID: 514055837}
--- !u!1 &771512764
GameObject:
  m_ObjectHideFlags: 0
  m_PrefabParentObject: {fileID: 0}
  m_PrefabInternal: {fileID: 0}
  serializedVersion: 5
  m_Component:
  - component: {fileID: 771512765}
  - component: {fileID: 771512773}
  - component: {fileID: 771512772}
  - component: {fileID: 771512766}
  m_Layer: 0
  m_Name: Main Camera (1)
  m_TagString: MainCamera
  m_Icon: {fileID: 0}
  m_NavMeshLayer: 0
  m_StaticEditorFlags: 0
  m_IsActive: 0
--- !u!4 &771512765
Transform:
  m_ObjectHideFlags: 0
  m_PrefabParentObject: {fileID: 0}
  m_PrefabInternal: {fileID: 0}
  m_GameObject: {fileID: 771512764}
  m_LocalRotation: {x: 0, y: 0, z: 0, w: 1}
  m_LocalPosition: {x: 0, y: 0, z: 0}
  m_LocalScale: {x: 1, y: 1, z: 1}
  m_Children: []
  m_Father: {fileID: 2019518135}
  m_RootOrder: 0
  m_LocalEulerAnglesHint: {x: 0, y: 0, z: 0}
--- !u!114 &771512766
MonoBehaviour:
  m_ObjectHideFlags: 0
  m_PrefabParentObject: {fileID: 0}
  m_PrefabInternal: {fileID: 0}
  m_GameObject: {fileID: 771512764}
  m_Enabled: 1
  m_EditorHideFlags: 0
  m_Script: {fileID: 11500000, guid: 03988a7f331b0b64eaf34e38eaa2ff9a, type: 3}
  m_Name: 
  m_EditorClassIdentifier: 
  shaderToOverride: {fileID: 4800000, guid: 2fd7d2ad6e49f5b44ac540005c095ff5, type: 3}
--- !u!20 &771512772
Camera:
  m_ObjectHideFlags: 0
  m_PrefabParentObject: {fileID: 0}
  m_PrefabInternal: {fileID: 0}
  m_GameObject: {fileID: 771512764}
  m_Enabled: 1
  serializedVersion: 2
  m_ClearFlags: 3
  m_BackGroundColor: {r: 0.19215687, g: 0.3019608, b: 0.4745098, a: 0}
  m_NormalizedViewPortRect:
    serializedVersion: 2
    x: 0
    y: 0
    width: 1
    height: 1
  near clip plane: 0.3
  far clip plane: 1000
  field of view: 60
  orthographic: 0
  orthographic size: 5
  m_Depth: 10
  m_CullingMask:
    serializedVersion: 2
    m_Bits: 4294967295
  m_RenderingPath: -1
  m_TargetTexture: {fileID: 0}
  m_TargetDisplay: 0
  m_TargetEye: 3
  m_HDR: 1
  m_AllowMSAA: 1
  m_ForceIntoRT: 0
  m_OcclusionCulling: 1
  m_StereoConvergence: 10
  m_StereoSeparation: 0.022
--- !u!114 &771512773
MonoBehaviour:
  m_ObjectHideFlags: 0
  m_PrefabParentObject: {fileID: 0}
  m_PrefabInternal: {fileID: 0}
  m_GameObject: {fileID: 771512764}
  m_Enabled: 1
  m_EditorHideFlags: 0
  m_Script: {fileID: 11500000, guid: 4d4f4fea914a24571b49213f0546250e, type: 3}
  m_Name: 
  m_EditorClassIdentifier: 
--- !u!1001 &791914656
Prefab:
  m_ObjectHideFlags: 0
  serializedVersion: 2
  m_Modification:
    m_TransformParent: {fileID: 0}
    m_Modifications:
    - target: {fileID: 4667879009096356, guid: 6aa49fac5992cb4418c38e295f0f6d75, type: 2}
      propertyPath: m_LocalPosition.x
      value: -4.53
      objectReference: {fileID: 0}
    - target: {fileID: 4667879009096356, guid: 6aa49fac5992cb4418c38e295f0f6d75, type: 2}
      propertyPath: m_LocalPosition.y
      value: -0.06
      objectReference: {fileID: 0}
    - target: {fileID: 4667879009096356, guid: 6aa49fac5992cb4418c38e295f0f6d75, type: 2}
      propertyPath: m_LocalPosition.z
      value: 2.76
      objectReference: {fileID: 0}
    - target: {fileID: 4667879009096356, guid: 6aa49fac5992cb4418c38e295f0f6d75, type: 2}
      propertyPath: m_LocalRotation.x
      value: -0
      objectReference: {fileID: 0}
    - target: {fileID: 4667879009096356, guid: 6aa49fac5992cb4418c38e295f0f6d75, type: 2}
      propertyPath: m_LocalRotation.y
      value: -0
      objectReference: {fileID: 0}
    - target: {fileID: 4667879009096356, guid: 6aa49fac5992cb4418c38e295f0f6d75, type: 2}
      propertyPath: m_LocalRotation.z
      value: -0
      objectReference: {fileID: 0}
    - target: {fileID: 4667879009096356, guid: 6aa49fac5992cb4418c38e295f0f6d75, type: 2}
      propertyPath: m_LocalRotation.w
      value: 1
      objectReference: {fileID: 0}
    - target: {fileID: 4667879009096356, guid: 6aa49fac5992cb4418c38e295f0f6d75, type: 2}
      propertyPath: m_RootOrder
      value: 1
      objectReference: {fileID: 0}
    - target: {fileID: 23580608946183726, guid: 6aa49fac5992cb4418c38e295f0f6d75,
        type: 2}
      propertyPath: m_Materials.Array.data[0]
      value: 
      objectReference: {fileID: 2100000, guid: f3cd494854c996042bfe0a7f36356d58, type: 2}
    - target: {fileID: 1129348461737922, guid: 6aa49fac5992cb4418c38e295f0f6d75, type: 2}
      propertyPath: m_IsActive
      value: 0
      objectReference: {fileID: 0}
    - target: {fileID: 4667879009096356, guid: 6aa49fac5992cb4418c38e295f0f6d75, type: 2}
      propertyPath: m_LocalScale.x
      value: 0.66890544
      objectReference: {fileID: 0}
    - target: {fileID: 4667879009096356, guid: 6aa49fac5992cb4418c38e295f0f6d75, type: 2}
      propertyPath: m_LocalScale.y
      value: 0.6689057
      objectReference: {fileID: 0}
    - target: {fileID: 4667879009096356, guid: 6aa49fac5992cb4418c38e295f0f6d75, type: 2}
      propertyPath: m_LocalScale.z
      value: 0.6689057
      objectReference: {fileID: 0}
    m_RemovedComponents: []
  m_ParentPrefab: {fileID: 100100000, guid: 6aa49fac5992cb4418c38e295f0f6d75, type: 2}
  m_IsPrefabParent: 0
--- !u!1 &841189511 stripped
GameObject:
  m_PrefabParentObject: {fileID: 1621402223243538, guid: 2231305a264f8374caf01db51df24d3d,
    type: 2}
  m_PrefabInternal: {fileID: 1814033898}
--- !u!108 &841189513
Light:
  m_ObjectHideFlags: 0
  m_PrefabParentObject: {fileID: 0}
  m_PrefabInternal: {fileID: 0}
  m_GameObject: {fileID: 841189511}
  m_Enabled: 1
  serializedVersion: 8
  m_Type: 2
  m_Color: {r: 1, g: 1, b: 1, a: 1}
  m_Intensity: 2
  m_Range: 10
  m_SpotAngle: 30
  m_CookieSize: 10
  m_Shadows:
    m_Type: 2
    m_Resolution: -1
    m_CustomResolution: -1
    m_Strength: 1
    m_Bias: 0.05
    m_NormalBias: 0.4
    m_NearPlane: 0.2
  m_Cookie: {fileID: 0}
  m_DrawHalo: 0
  m_Flare: {fileID: 0}
  m_RenderMode: 0
  m_CullingMask:
    serializedVersion: 2
    m_Bits: 4294967295
  m_Lightmapping: 4
  m_AreaSize: {x: 1, y: 1}
  m_BounceIntensity: 1
  m_ColorTemperature: 6570
  m_UseColorTemperature: 0
  m_ShadowRadius: 0
  m_ShadowAngle: 0
--- !u!1 &843248206 stripped
GameObject:
  m_PrefabParentObject: {fileID: 1621402223243538, guid: 2231305a264f8374caf01db51df24d3d,
    type: 2}
  m_PrefabInternal: {fileID: 1079818226}
--- !u!108 &843248207
Light:
  m_ObjectHideFlags: 0
  m_PrefabParentObject: {fileID: 0}
  m_PrefabInternal: {fileID: 0}
  m_GameObject: {fileID: 843248206}
  m_Enabled: 1
  serializedVersion: 8
  m_Type: 2
  m_Color: {r: 1, g: 1, b: 1, a: 1}
  m_Intensity: 2
  m_Range: 10
  m_SpotAngle: 30
  m_CookieSize: 10
  m_Shadows:
    m_Type: 2
    m_Resolution: -1
    m_CustomResolution: -1
    m_Strength: 1
    m_Bias: 0.05
    m_NormalBias: 0.4
    m_NearPlane: 0.2
  m_Cookie: {fileID: 0}
  m_DrawHalo: 0
  m_Flare: {fileID: 0}
  m_RenderMode: 0
  m_CullingMask:
    serializedVersion: 2
    m_Bits: 4294967295
  m_Lightmapping: 4
  m_AreaSize: {x: 1, y: 1}
  m_BounceIntensity: 1
  m_ColorTemperature: 6570
  m_UseColorTemperature: 0
  m_ShadowRadius: 0
  m_ShadowAngle: 0
--- !u!1001 &1079818226
Prefab:
  m_ObjectHideFlags: 0
  serializedVersion: 2
  m_Modification:
    m_TransformParent: {fileID: 0}
    m_Modifications:
    - target: {fileID: 4526587429174652, guid: 2231305a264f8374caf01db51df24d3d, type: 2}
      propertyPath: m_LocalPosition.x
      value: 6.09
      objectReference: {fileID: 0}
    - target: {fileID: 4526587429174652, guid: 2231305a264f8374caf01db51df24d3d, type: 2}
      propertyPath: m_LocalPosition.y
      value: 3.72
      objectReference: {fileID: 0}
    - target: {fileID: 4526587429174652, guid: 2231305a264f8374caf01db51df24d3d, type: 2}
      propertyPath: m_LocalPosition.z
      value: -7.78
      objectReference: {fileID: 0}
    - target: {fileID: 4526587429174652, guid: 2231305a264f8374caf01db51df24d3d, type: 2}
      propertyPath: m_LocalRotation.x
      value: 0
      objectReference: {fileID: 0}
    - target: {fileID: 4526587429174652, guid: 2231305a264f8374caf01db51df24d3d, type: 2}
      propertyPath: m_LocalRotation.y
      value: 0
      objectReference: {fileID: 0}
    - target: {fileID: 4526587429174652, guid: 2231305a264f8374caf01db51df24d3d, type: 2}
      propertyPath: m_LocalRotation.z
      value: 0
      objectReference: {fileID: 0}
    - target: {fileID: 4526587429174652, guid: 2231305a264f8374caf01db51df24d3d, type: 2}
      propertyPath: m_LocalRotation.w
      value: 1
      objectReference: {fileID: 0}
    - target: {fileID: 4526587429174652, guid: 2231305a264f8374caf01db51df24d3d, type: 2}
      propertyPath: m_RootOrder
      value: 12
      objectReference: {fileID: 0}
    - target: {fileID: 1621402223243538, guid: 2231305a264f8374caf01db51df24d3d, type: 2}
      propertyPath: m_Name
      value: Sphere (10)
      objectReference: {fileID: 0}
    - target: {fileID: 23330200138442668, guid: 2231305a264f8374caf01db51df24d3d,
        type: 2}
      propertyPath: m_Materials.Array.data[0]
      value: 
      objectReference: {fileID: 2100000, guid: e4961dc80b0f26c4eb44c4d54d274e46, type: 2}
    - target: {fileID: 4526587429174652, guid: 2231305a264f8374caf01db51df24d3d, type: 2}
      propertyPath: m_LocalEulerAnglesHint.x
      value: 0
      objectReference: {fileID: 0}
    - target: {fileID: 4526587429174652, guid: 2231305a264f8374caf01db51df24d3d, type: 2}
      propertyPath: m_LocalEulerAnglesHint.y
      value: 0
      objectReference: {fileID: 0}
    - target: {fileID: 4526587429174652, guid: 2231305a264f8374caf01db51df24d3d, type: 2}
      propertyPath: m_LocalEulerAnglesHint.z
      value: 0
      objectReference: {fileID: 0}
    - target: {fileID: 1621402223243538, guid: 2231305a264f8374caf01db51df24d3d, type: 2}
      propertyPath: m_IsActive
      value: 1
      objectReference: {fileID: 0}
    - target: {fileID: 4526587429174652, guid: 2231305a264f8374caf01db51df24d3d, type: 2}
      propertyPath: m_LocalScale.x
      value: 0.092206515
      objectReference: {fileID: 0}
    - target: {fileID: 4526587429174652, guid: 2231305a264f8374caf01db51df24d3d, type: 2}
      propertyPath: m_LocalScale.y
      value: 0.092206605
      objectReference: {fileID: 0}
    - target: {fileID: 4526587429174652, guid: 2231305a264f8374caf01db51df24d3d, type: 2}
      propertyPath: m_LocalScale.z
      value: 0.09220655
      objectReference: {fileID: 0}
    - target: {fileID: 23330200138442668, guid: 2231305a264f8374caf01db51df24d3d,
        type: 2}
      propertyPath: m_ReceiveShadows
      value: 0
      objectReference: {fileID: 0}
    - target: {fileID: 23330200138442668, guid: 2231305a264f8374caf01db51df24d3d,
        type: 2}
      propertyPath: m_CastShadows
      value: 0
      objectReference: {fileID: 0}
    m_RemovedComponents: []
  m_ParentPrefab: {fileID: 100100000, guid: 2231305a264f8374caf01db51df24d3d, type: 2}
  m_IsPrefabParent: 0
--- !u!1001 &1141668802
Prefab:
  m_ObjectHideFlags: 0
  serializedVersion: 2
  m_Modification:
    m_TransformParent: {fileID: 0}
    m_Modifications:
    - target: {fileID: 4526587429174652, guid: 2231305a264f8374caf01db51df24d3d, type: 2}
      propertyPath: m_LocalPosition.x
      value: 6.09
      objectReference: {fileID: 0}
    - target: {fileID: 4526587429174652, guid: 2231305a264f8374caf01db51df24d3d, type: 2}
      propertyPath: m_LocalPosition.y
      value: 3.72
      objectReference: {fileID: 0}
    - target: {fileID: 4526587429174652, guid: 2231305a264f8374caf01db51df24d3d, type: 2}
      propertyPath: m_LocalPosition.z
      value: -1.78
      objectReference: {fileID: 0}
    - target: {fileID: 4526587429174652, guid: 2231305a264f8374caf01db51df24d3d, type: 2}
      propertyPath: m_LocalRotation.x
      value: 0
      objectReference: {fileID: 0}
    - target: {fileID: 4526587429174652, guid: 2231305a264f8374caf01db51df24d3d, type: 2}
      propertyPath: m_LocalRotation.y
      value: 0
      objectReference: {fileID: 0}
    - target: {fileID: 4526587429174652, guid: 2231305a264f8374caf01db51df24d3d, type: 2}
      propertyPath: m_LocalRotation.z
      value: 0
      objectReference: {fileID: 0}
    - target: {fileID: 4526587429174652, guid: 2231305a264f8374caf01db51df24d3d, type: 2}
      propertyPath: m_LocalRotation.w
      value: 1
      objectReference: {fileID: 0}
    - target: {fileID: 4526587429174652, guid: 2231305a264f8374caf01db51df24d3d, type: 2}
      propertyPath: m_RootOrder
      value: 9
      objectReference: {fileID: 0}
    - target: {fileID: 1621402223243538, guid: 2231305a264f8374caf01db51df24d3d, type: 2}
      propertyPath: m_Name
      value: Sphere (7)
      objectReference: {fileID: 0}
    - target: {fileID: 23330200138442668, guid: 2231305a264f8374caf01db51df24d3d,
        type: 2}
      propertyPath: m_Materials.Array.data[0]
      value: 
      objectReference: {fileID: 2100000, guid: e4961dc80b0f26c4eb44c4d54d274e46, type: 2}
    - target: {fileID: 4526587429174652, guid: 2231305a264f8374caf01db51df24d3d, type: 2}
      propertyPath: m_LocalEulerAnglesHint.x
      value: 0
      objectReference: {fileID: 0}
    - target: {fileID: 4526587429174652, guid: 2231305a264f8374caf01db51df24d3d, type: 2}
      propertyPath: m_LocalEulerAnglesHint.y
      value: 0
      objectReference: {fileID: 0}
    - target: {fileID: 4526587429174652, guid: 2231305a264f8374caf01db51df24d3d, type: 2}
      propertyPath: m_LocalEulerAnglesHint.z
      value: 0
      objectReference: {fileID: 0}
    - target: {fileID: 1621402223243538, guid: 2231305a264f8374caf01db51df24d3d, type: 2}
      propertyPath: m_IsActive
      value: 1
      objectReference: {fileID: 0}
    - target: {fileID: 4526587429174652, guid: 2231305a264f8374caf01db51df24d3d, type: 2}
      propertyPath: m_LocalScale.x
      value: 0.092206515
      objectReference: {fileID: 0}
    - target: {fileID: 4526587429174652, guid: 2231305a264f8374caf01db51df24d3d, type: 2}
      propertyPath: m_LocalScale.y
      value: 0.092206605
      objectReference: {fileID: 0}
    - target: {fileID: 4526587429174652, guid: 2231305a264f8374caf01db51df24d3d, type: 2}
      propertyPath: m_LocalScale.z
      value: 0.09220655
      objectReference: {fileID: 0}
    - target: {fileID: 23330200138442668, guid: 2231305a264f8374caf01db51df24d3d,
        type: 2}
      propertyPath: m_ReceiveShadows
      value: 0
      objectReference: {fileID: 0}
    - target: {fileID: 23330200138442668, guid: 2231305a264f8374caf01db51df24d3d,
        type: 2}
      propertyPath: m_CastShadows
      value: 0
      objectReference: {fileID: 0}
    m_RemovedComponents: []
  m_ParentPrefab: {fileID: 100100000, guid: 2231305a264f8374caf01db51df24d3d, type: 2}
  m_IsPrefabParent: 0
--- !u!1 &1200179129
GameObject:
  m_ObjectHideFlags: 0
  m_PrefabParentObject: {fileID: 0}
  m_PrefabInternal: {fileID: 0}
  serializedVersion: 5
  m_Component:
  - component: {fileID: 1200179130}
  - component: {fileID: 1200179133}
  - component: {fileID: 1200179132}
  - component: {fileID: 1200179131}
  m_Layer: 0
  m_Name: Main Camera (2)
  m_TagString: MainCamera
  m_Icon: {fileID: 0}
  m_NavMeshLayer: 0
  m_StaticEditorFlags: 0
  m_IsActive: 1
--- !u!4 &1200179130
Transform:
  m_ObjectHideFlags: 0
  m_PrefabParentObject: {fileID: 0}
  m_PrefabInternal: {fileID: 0}
  m_GameObject: {fileID: 1200179129}
  m_LocalRotation: {x: -0, y: -0, z: -0, w: 1}
  m_LocalPosition: {x: 0, y: 0, z: 0}
  m_LocalScale: {x: 1, y: 1.0000002, z: 1}
  m_Children: []
  m_Father: {fileID: 2019518135}
  m_RootOrder: 1
  m_LocalEulerAnglesHint: {x: 0, y: 0, z: 0}
--- !u!114 &1200179131
MonoBehaviour:
  m_ObjectHideFlags: 0
  m_PrefabParentObject: {fileID: 0}
  m_PrefabInternal: {fileID: 0}
  m_GameObject: {fileID: 1200179129}
  m_Enabled: 1
  m_EditorHideFlags: 0
  m_Script: {fileID: 11500000, guid: a2d28199b24213641b8af15291801620, type: 3}
  m_Name: 
  m_EditorClassIdentifier: 
--- !u!20 &1200179132
Camera:
  m_ObjectHideFlags: 0
  m_PrefabParentObject: {fileID: 0}
  m_PrefabInternal: {fileID: 0}
  m_GameObject: {fileID: 1200179129}
  m_Enabled: 1
  serializedVersion: 2
  m_ClearFlags: 2
  m_BackGroundColor: {r: 0, g: 0, b: 0, a: 0}
  m_NormalizedViewPortRect:
    serializedVersion: 2
    x: 0
    y: 0
    width: 1
    height: 1
  near clip plane: 0.3
  far clip plane: 1000
  field of view: 60
  orthographic: 0
  orthographic size: 5
  m_Depth: 10
  m_CullingMask:
    serializedVersion: 2
    m_Bits: 4294967295
  m_RenderingPath: -1
  m_TargetTexture: {fileID: 0}
  m_TargetDisplay: 1
  m_TargetEye: 3
  m_HDR: 1
  m_AllowMSAA: 1
  m_ForceIntoRT: 0
  m_OcclusionCulling: 1
  m_StereoConvergence: 10
  m_StereoSeparation: 0.022
--- !u!114 &1200179133
MonoBehaviour:
  m_ObjectHideFlags: 0
  m_PrefabParentObject: {fileID: 0}
  m_PrefabInternal: {fileID: 0}
  m_GameObject: {fileID: 1200179129}
  m_Enabled: 1
  m_EditorHideFlags: 0
  m_Script: {fileID: 11500000, guid: 4d4f4fea914a24571b49213f0546250e, type: 3}
  m_Name: 
  m_EditorClassIdentifier: 
--- !u!1 &1435337424 stripped
GameObject:
  m_PrefabParentObject: {fileID: 1621402223243538, guid: 2231305a264f8374caf01db51df24d3d,
    type: 2}
  m_PrefabInternal: {fileID: 1632282518}
--- !u!108 &1435337425
Light:
  m_ObjectHideFlags: 0
  m_PrefabParentObject: {fileID: 0}
  m_PrefabInternal: {fileID: 0}
  m_GameObject: {fileID: 1435337424}
  m_Enabled: 1
  serializedVersion: 8
  m_Type: 2
  m_Color: {r: 1, g: 1, b: 1, a: 1}
  m_Intensity: 2
  m_Range: 10
  m_SpotAngle: 30
  m_CookieSize: 10
  m_Shadows:
    m_Type: 2
    m_Resolution: -1
    m_CustomResolution: -1
    m_Strength: 1
    m_Bias: 0.05
    m_NormalBias: 0.4
    m_NearPlane: 0.2
  m_Cookie: {fileID: 0}
  m_DrawHalo: 0
  m_Flare: {fileID: 0}
  m_RenderMode: 0
  m_CullingMask:
    serializedVersion: 2
    m_Bits: 4294967295
  m_Lightmapping: 4
  m_AreaSize: {x: 1, y: 1}
  m_BounceIntensity: 1
  m_ColorTemperature: 6570
  m_UseColorTemperature: 0
  m_ShadowRadius: 0
  m_ShadowAngle: 0
--- !u!1001 &1632282518
Prefab:
  m_ObjectHideFlags: 0
  serializedVersion: 2
  m_Modification:
    m_TransformParent: {fileID: 0}
    m_Modifications:
    - target: {fileID: 4526587429174652, guid: 2231305a264f8374caf01db51df24d3d, type: 2}
      propertyPath: m_LocalPosition.x
      value: 6.09
      objectReference: {fileID: 0}
    - target: {fileID: 4526587429174652, guid: 2231305a264f8374caf01db51df24d3d, type: 2}
      propertyPath: m_LocalPosition.y
      value: 3.72
      objectReference: {fileID: 0}
    - target: {fileID: 4526587429174652, guid: 2231305a264f8374caf01db51df24d3d, type: 2}
      propertyPath: m_LocalPosition.z
      value: 0.22
      objectReference: {fileID: 0}
    - target: {fileID: 4526587429174652, guid: 2231305a264f8374caf01db51df24d3d, type: 2}
      propertyPath: m_LocalRotation.x
      value: 0
      objectReference: {fileID: 0}
    - target: {fileID: 4526587429174652, guid: 2231305a264f8374caf01db51df24d3d, type: 2}
      propertyPath: m_LocalRotation.y
      value: 0
      objectReference: {fileID: 0}
    - target: {fileID: 4526587429174652, guid: 2231305a264f8374caf01db51df24d3d, type: 2}
      propertyPath: m_LocalRotation.z
      value: 0
      objectReference: {fileID: 0}
    - target: {fileID: 4526587429174652, guid: 2231305a264f8374caf01db51df24d3d, type: 2}
      propertyPath: m_LocalRotation.w
      value: 1
      objectReference: {fileID: 0}
    - target: {fileID: 4526587429174652, guid: 2231305a264f8374caf01db51df24d3d, type: 2}
      propertyPath: m_RootOrder
      value: 8
      objectReference: {fileID: 0}
    - target: {fileID: 1621402223243538, guid: 2231305a264f8374caf01db51df24d3d, type: 2}
      propertyPath: m_Name
      value: Sphere (6)
      objectReference: {fileID: 0}
    - target: {fileID: 23330200138442668, guid: 2231305a264f8374caf01db51df24d3d,
        type: 2}
      propertyPath: m_Materials.Array.data[0]
      value: 
      objectReference: {fileID: 2100000, guid: e4961dc80b0f26c4eb44c4d54d274e46, type: 2}
    - target: {fileID: 4526587429174652, guid: 2231305a264f8374caf01db51df24d3d, type: 2}
      propertyPath: m_LocalEulerAnglesHint.x
      value: 0
      objectReference: {fileID: 0}
    - target: {fileID: 4526587429174652, guid: 2231305a264f8374caf01db51df24d3d, type: 2}
      propertyPath: m_LocalEulerAnglesHint.y
      value: 0
      objectReference: {fileID: 0}
    - target: {fileID: 4526587429174652, guid: 2231305a264f8374caf01db51df24d3d, type: 2}
      propertyPath: m_LocalEulerAnglesHint.z
      value: 0
      objectReference: {fileID: 0}
    - target: {fileID: 1621402223243538, guid: 2231305a264f8374caf01db51df24d3d, type: 2}
      propertyPath: m_IsActive
      value: 1
      objectReference: {fileID: 0}
    - target: {fileID: 4526587429174652, guid: 2231305a264f8374caf01db51df24d3d, type: 2}
      propertyPath: m_LocalScale.x
      value: 0.092206515
      objectReference: {fileID: 0}
    - target: {fileID: 4526587429174652, guid: 2231305a264f8374caf01db51df24d3d, type: 2}
      propertyPath: m_LocalScale.y
      value: 0.092206605
      objectReference: {fileID: 0}
    - target: {fileID: 4526587429174652, guid: 2231305a264f8374caf01db51df24d3d, type: 2}
      propertyPath: m_LocalScale.z
      value: 0.09220655
      objectReference: {fileID: 0}
    - target: {fileID: 23330200138442668, guid: 2231305a264f8374caf01db51df24d3d,
        type: 2}
      propertyPath: m_ReceiveShadows
      value: 0
      objectReference: {fileID: 0}
    - target: {fileID: 23330200138442668, guid: 2231305a264f8374caf01db51df24d3d,
        type: 2}
      propertyPath: m_CastShadows
      value: 0
      objectReference: {fileID: 0}
    m_RemovedComponents: []
  m_ParentPrefab: {fileID: 100100000, guid: 2231305a264f8374caf01db51df24d3d, type: 2}
  m_IsPrefabParent: 0
--- !u!4 &1785274856 stripped
Transform:
  m_PrefabParentObject: {fileID: 4194862887757238, guid: e1b33ae866d7aad428a268d15d4448fd,
    type: 2}
  m_PrefabInternal: {fileID: 238924258}
--- !u!1001 &1814033898
Prefab:
  m_ObjectHideFlags: 0
  serializedVersion: 2
  m_Modification:
    m_TransformParent: {fileID: 0}
    m_Modifications:
    - target: {fileID: 4526587429174652, guid: 2231305a264f8374caf01db51df24d3d, type: 2}
      propertyPath: m_LocalPosition.x
      value: 6.09
      objectReference: {fileID: 0}
    - target: {fileID: 4526587429174652, guid: 2231305a264f8374caf01db51df24d3d, type: 2}
      propertyPath: m_LocalPosition.y
      value: 3.72
      objectReference: {fileID: 0}
    - target: {fileID: 4526587429174652, guid: 2231305a264f8374caf01db51df24d3d, type: 2}
      propertyPath: m_LocalPosition.z
      value: 6.22
      objectReference: {fileID: 0}
    - target: {fileID: 4526587429174652, guid: 2231305a264f8374caf01db51df24d3d, type: 2}
      propertyPath: m_LocalRotation.x
      value: 0
      objectReference: {fileID: 0}
    - target: {fileID: 4526587429174652, guid: 2231305a264f8374caf01db51df24d3d, type: 2}
      propertyPath: m_LocalRotation.y
      value: 0
      objectReference: {fileID: 0}
    - target: {fileID: 4526587429174652, guid: 2231305a264f8374caf01db51df24d3d, type: 2}
      propertyPath: m_LocalRotation.z
      value: 0
      objectReference: {fileID: 0}
    - target: {fileID: 4526587429174652, guid: 2231305a264f8374caf01db51df24d3d, type: 2}
      propertyPath: m_LocalRotation.w
      value: 1
      objectReference: {fileID: 0}
    - target: {fileID: 4526587429174652, guid: 2231305a264f8374caf01db51df24d3d, type: 2}
      propertyPath: m_RootOrder
      value: 4
      objectReference: {fileID: 0}
    - target: {fileID: 1621402223243538, guid: 2231305a264f8374caf01db51df24d3d, type: 2}
      propertyPath: m_Name
      value: Sphere (2)
      objectReference: {fileID: 0}
    - target: {fileID: 23330200138442668, guid: 2231305a264f8374caf01db51df24d3d,
        type: 2}
      propertyPath: m_Materials.Array.data[0]
      value: 
      objectReference: {fileID: 2100000, guid: e4961dc80b0f26c4eb44c4d54d274e46, type: 2}
    - target: {fileID: 4526587429174652, guid: 2231305a264f8374caf01db51df24d3d, type: 2}
      propertyPath: m_LocalEulerAnglesHint.x
      value: 0
      objectReference: {fileID: 0}
    - target: {fileID: 4526587429174652, guid: 2231305a264f8374caf01db51df24d3d, type: 2}
      propertyPath: m_LocalEulerAnglesHint.y
      value: 0
      objectReference: {fileID: 0}
    - target: {fileID: 4526587429174652, guid: 2231305a264f8374caf01db51df24d3d, type: 2}
      propertyPath: m_LocalEulerAnglesHint.z
      value: 0
      objectReference: {fileID: 0}
    - target: {fileID: 1621402223243538, guid: 2231305a264f8374caf01db51df24d3d, type: 2}
      propertyPath: m_IsActive
      value: 1
      objectReference: {fileID: 0}
    - target: {fileID: 4526587429174652, guid: 2231305a264f8374caf01db51df24d3d, type: 2}
      propertyPath: m_LocalScale.x
      value: 0.092206515
      objectReference: {fileID: 0}
    - target: {fileID: 4526587429174652, guid: 2231305a264f8374caf01db51df24d3d, type: 2}
      propertyPath: m_LocalScale.y
      value: 0.092206605
      objectReference: {fileID: 0}
    - target: {fileID: 4526587429174652, guid: 2231305a264f8374caf01db51df24d3d, type: 2}
      propertyPath: m_LocalScale.z
      value: 0.09220655
      objectReference: {fileID: 0}
    - target: {fileID: 23330200138442668, guid: 2231305a264f8374caf01db51df24d3d,
        type: 2}
      propertyPath: m_ReceiveShadows
      value: 0
      objectReference: {fileID: 0}
    - target: {fileID: 23330200138442668, guid: 2231305a264f8374caf01db51df24d3d,
        type: 2}
      propertyPath: m_CastShadows
      value: 0
      objectReference: {fileID: 0}
    m_RemovedComponents: []
  m_ParentPrefab: {fileID: 100100000, guid: 2231305a264f8374caf01db51df24d3d, type: 2}
  m_IsPrefabParent: 0
--- !u!1 &1821878831
GameObject:
  m_ObjectHideFlags: 0
  m_PrefabParentObject: {fileID: 0}
  m_PrefabInternal: {fileID: 0}
  serializedVersion: 5
  m_Component:
  - component: {fileID: 1821878832}
  m_Layer: 0
  m_Name: Cornellbox
  m_TagString: Untagged
  m_Icon: {fileID: 0}
  m_NavMeshLayer: 0
  m_StaticEditorFlags: 0
  m_IsActive: 1
--- !u!4 &1821878832
Transform:
  m_ObjectHideFlags: 0
  m_PrefabParentObject: {fileID: 0}
  m_PrefabInternal: {fileID: 0}
  m_GameObject: {fileID: 1821878831}
  m_LocalRotation: {x: 0, y: 0, z: 0, w: 1}
  m_LocalPosition: {x: 1.1880081, y: 0.7125296, z: -2.1948228}
  m_LocalScale: {x: 0.9190544, y: 0.63965106, z: 1}
  m_Children:
  - {fileID: 1785274856}
  - {fileID: 655609446}
  m_Father: {fileID: 0}
  m_RootOrder: 2
  m_LocalEulerAnglesHint: {x: 0, y: 0, z: 0}
--- !u!1 &1895357955 stripped
GameObject:
  m_PrefabParentObject: {fileID: 1621402223243538, guid: 2231305a264f8374caf01db51df24d3d,
    type: 2}
  m_PrefabInternal: {fileID: 1141668802}
--- !u!108 &1895357956
Light:
  m_ObjectHideFlags: 0
  m_PrefabParentObject: {fileID: 0}
  m_PrefabInternal: {fileID: 0}
  m_GameObject: {fileID: 1895357955}
  m_Enabled: 1
  serializedVersion: 8
  m_Type: 2
  m_Color: {r: 1, g: 1, b: 1, a: 1}
  m_Intensity: 2
  m_Range: 10
  m_SpotAngle: 30
  m_CookieSize: 10
  m_Shadows:
    m_Type: 2
    m_Resolution: -1
    m_CustomResolution: -1
    m_Strength: 1
    m_Bias: 0.05
    m_NormalBias: 0.4
    m_NearPlane: 0.2
  m_Cookie: {fileID: 0}
  m_DrawHalo: 0
  m_Flare: {fileID: 0}
  m_RenderMode: 0
  m_CullingMask:
    serializedVersion: 2
    m_Bits: 4294967295
  m_Lightmapping: 4
  m_AreaSize: {x: 1, y: 1}
  m_BounceIntensity: 1
  m_ColorTemperature: 6570
  m_UseColorTemperature: 0
  m_ShadowRadius: 0
  m_ShadowAngle: 0
--- !u!1 &1901770930 stripped
GameObject:
  m_PrefabParentObject: {fileID: 1621402223243538, guid: 2231305a264f8374caf01db51df24d3d,
    type: 2}
  m_PrefabInternal: {fileID: 1918326480}
--- !u!108 &1901770931
Light:
  m_ObjectHideFlags: 0
  m_PrefabParentObject: {fileID: 0}
  m_PrefabInternal: {fileID: 0}
  m_GameObject: {fileID: 1901770930}
  m_Enabled: 1
  serializedVersion: 8
  m_Type: 2
  m_Color: {r: 1, g: 1, b: 1, a: 1}
  m_Intensity: 2
  m_Range: 10
  m_SpotAngle: 30
  m_CookieSize: 10
  m_Shadows:
    m_Type: 2
    m_Resolution: -1
    m_CustomResolution: -1
    m_Strength: 1
    m_Bias: 0.05
    m_NormalBias: 0.4
    m_NearPlane: 0.2
  m_Cookie: {fileID: 0}
  m_DrawHalo: 0
  m_Flare: {fileID: 0}
  m_RenderMode: 0
  m_CullingMask:
    serializedVersion: 2
    m_Bits: 4294967295
  m_Lightmapping: 4
  m_AreaSize: {x: 1, y: 1}
  m_BounceIntensity: 1
  m_ColorTemperature: 6570
  m_UseColorTemperature: 0
  m_ShadowRadius: 0
  m_ShadowAngle: 0
--- !u!1001 &1918326480
Prefab:
  m_ObjectHideFlags: 0
  serializedVersion: 2
  m_Modification:
    m_TransformParent: {fileID: 0}
    m_Modifications:
    - target: {fileID: 4526587429174652, guid: 2231305a264f8374caf01db51df24d3d, type: 2}
      propertyPath: m_LocalPosition.x
      value: 6.09
      objectReference: {fileID: 0}
    - target: {fileID: 4526587429174652, guid: 2231305a264f8374caf01db51df24d3d, type: 2}
      propertyPath: m_LocalPosition.y
      value: 3.72
      objectReference: {fileID: 0}
    - target: {fileID: 4526587429174652, guid: 2231305a264f8374caf01db51df24d3d, type: 2}
      propertyPath: m_LocalPosition.z
      value: 2.22
      objectReference: {fileID: 0}
    - target: {fileID: 4526587429174652, guid: 2231305a264f8374caf01db51df24d3d, type: 2}
      propertyPath: m_LocalRotation.x
      value: 0
      objectReference: {fileID: 0}
    - target: {fileID: 4526587429174652, guid: 2231305a264f8374caf01db51df24d3d, type: 2}
      propertyPath: m_LocalRotation.y
      value: 0
      objectReference: {fileID: 0}
    - target: {fileID: 4526587429174652, guid: 2231305a264f8374caf01db51df24d3d, type: 2}
      propertyPath: m_LocalRotation.z
      value: 0
      objectReference: {fileID: 0}
    - target: {fileID: 4526587429174652, guid: 2231305a264f8374caf01db51df24d3d, type: 2}
      propertyPath: m_LocalRotation.w
      value: 1
      objectReference: {fileID: 0}
    - target: {fileID: 4526587429174652, guid: 2231305a264f8374caf01db51df24d3d, type: 2}
      propertyPath: m_RootOrder
      value: 7
      objectReference: {fileID: 0}
    - target: {fileID: 1621402223243538, guid: 2231305a264f8374caf01db51df24d3d, type: 2}
      propertyPath: m_Name
      value: Sphere (5)
      objectReference: {fileID: 0}
    - target: {fileID: 23330200138442668, guid: 2231305a264f8374caf01db51df24d3d,
        type: 2}
      propertyPath: m_Materials.Array.data[0]
      value: 
      objectReference: {fileID: 2100000, guid: e4961dc80b0f26c4eb44c4d54d274e46, type: 2}
    - target: {fileID: 4526587429174652, guid: 2231305a264f8374caf01db51df24d3d, type: 2}
      propertyPath: m_LocalEulerAnglesHint.x
      value: 0
      objectReference: {fileID: 0}
    - target: {fileID: 4526587429174652, guid: 2231305a264f8374caf01db51df24d3d, type: 2}
      propertyPath: m_LocalEulerAnglesHint.y
      value: 0
      objectReference: {fileID: 0}
    - target: {fileID: 4526587429174652, guid: 2231305a264f8374caf01db51df24d3d, type: 2}
      propertyPath: m_LocalEulerAnglesHint.z
      value: 0
      objectReference: {fileID: 0}
    - target: {fileID: 1621402223243538, guid: 2231305a264f8374caf01db51df24d3d, type: 2}
      propertyPath: m_IsActive
      value: 1
      objectReference: {fileID: 0}
    - target: {fileID: 4526587429174652, guid: 2231305a264f8374caf01db51df24d3d, type: 2}
      propertyPath: m_LocalScale.x
      value: 0.092206515
      objectReference: {fileID: 0}
    - target: {fileID: 4526587429174652, guid: 2231305a264f8374caf01db51df24d3d, type: 2}
      propertyPath: m_LocalScale.y
      value: 0.092206605
      objectReference: {fileID: 0}
    - target: {fileID: 4526587429174652, guid: 2231305a264f8374caf01db51df24d3d, type: 2}
      propertyPath: m_LocalScale.z
      value: 0.09220655
      objectReference: {fileID: 0}
    - target: {fileID: 23330200138442668, guid: 2231305a264f8374caf01db51df24d3d,
        type: 2}
      propertyPath: m_ReceiveShadows
      value: 0
      objectReference: {fileID: 0}
    - target: {fileID: 23330200138442668, guid: 2231305a264f8374caf01db51df24d3d,
        type: 2}
      propertyPath: m_CastShadows
      value: 0
      objectReference: {fileID: 0}
    m_RemovedComponents: []
  m_ParentPrefab: {fileID: 100100000, guid: 2231305a264f8374caf01db51df24d3d, type: 2}
  m_IsPrefabParent: 0
--- !u!1 &1919034299 stripped
GameObject:
  m_PrefabParentObject: {fileID: 1621402223243538, guid: 2231305a264f8374caf01db51df24d3d,
    type: 2}
  m_PrefabInternal: {fileID: 445202181}
--- !u!108 &1919034300
Light:
  m_ObjectHideFlags: 0
  m_PrefabParentObject: {fileID: 0}
  m_PrefabInternal: {fileID: 0}
  m_GameObject: {fileID: 1919034299}
  m_Enabled: 1
  serializedVersion: 8
  m_Type: 2
  m_Color: {r: 1, g: 1, b: 1, a: 1}
  m_Intensity: 2
  m_Range: 10
  m_SpotAngle: 30
  m_CookieSize: 10
  m_Shadows:
    m_Type: 2
    m_Resolution: -1
    m_CustomResolution: -1
    m_Strength: 1
    m_Bias: 0.05
    m_NormalBias: 0.4
    m_NearPlane: 0.2
  m_Cookie: {fileID: 0}
  m_DrawHalo: 0
  m_Flare: {fileID: 0}
  m_RenderMode: 0
  m_CullingMask:
    serializedVersion: 2
    m_Bits: 4294967295
  m_Lightmapping: 4
  m_AreaSize: {x: 1, y: 1}
  m_BounceIntensity: 1
  m_ColorTemperature: 6570
  m_UseColorTemperature: 0
  m_ShadowRadius: 0
  m_ShadowAngle: 0
--- !u!1 &2019518129
GameObject:
  m_ObjectHideFlags: 0
  m_PrefabParentObject: {fileID: 0}
  m_PrefabInternal: {fileID: 0}
  serializedVersion: 5
  m_Component:
  - component: {fileID: 2019518135}
  - component: {fileID: 2019518136}
  - component: {fileID: 2019518130}
  - component: {fileID: 2019518134}
  - component: {fileID: 2019518133}
  - component: {fileID: 2019518132}
  - component: {fileID: 2019518131}
  - component: {fileID: 2019518137}
  m_Layer: 0
  m_Name: Main Camera
  m_TagString: MainCamera
  m_Icon: {fileID: 0}
  m_NavMeshLayer: 0
  m_StaticEditorFlags: 0
  m_IsActive: 1
--- !u!114 &2019518130
MonoBehaviour:
  m_ObjectHideFlags: 0
  m_PrefabParentObject: {fileID: 0}
  m_PrefabInternal: {fileID: 0}
  m_GameObject: {fileID: 2019518129}
  m_Enabled: 1
  m_EditorHideFlags: 0
  m_Script: {fileID: 11500000, guid: 97b0fb36432c25243987c28280d049c7, type: 3}
  m_Name: 
  m_EditorClassIdentifier: 
  minY: 0.5
  maxY: 8
  maxVeocity: 0.1
  velocity: {x: 0, y: 0, z: 0}
  rotationVelocity: {x: 10, y: 10, z: 0}
--- !u!81 &2019518131
AudioListener:
  m_ObjectHideFlags: 0
  m_PrefabParentObject: {fileID: 0}
  m_PrefabInternal: {fileID: 0}
  m_GameObject: {fileID: 2019518129}
  m_Enabled: 1
--- !u!124 &2019518132
Behaviour:
  m_ObjectHideFlags: 0
  m_PrefabParentObject: {fileID: 0}
  m_PrefabInternal: {fileID: 0}
  m_GameObject: {fileID: 2019518129}
  m_Enabled: 1
--- !u!92 &2019518133
Behaviour:
  m_ObjectHideFlags: 0
  m_PrefabParentObject: {fileID: 0}
  m_PrefabInternal: {fileID: 0}
  m_GameObject: {fileID: 2019518129}
  m_Enabled: 1
--- !u!20 &2019518134
Camera:
  m_ObjectHideFlags: 0
  m_PrefabParentObject: {fileID: 0}
  m_PrefabInternal: {fileID: 0}
  m_GameObject: {fileID: 2019518129}
  m_Enabled: 1
  serializedVersion: 2
  m_ClearFlags: 2
  m_BackGroundColor: {r: 0, g: 0, b: 0, a: 0}
  m_NormalizedViewPortRect:
    serializedVersion: 2
    x: 0
    y: 0
    width: 1
    height: 1
  near clip plane: 0.3
  far clip plane: 1000
  field of view: 60
  orthographic: 0
  orthographic size: 5
  m_Depth: -1
  m_CullingMask:
    serializedVersion: 2
    m_Bits: 4294967295
  m_RenderingPath: -1
  m_TargetTexture: {fileID: 0}
  m_TargetDisplay: 0
  m_TargetEye: 3
  m_HDR: 1
  m_AllowMSAA: 1
  m_ForceIntoRT: 0
  m_OcclusionCulling: 1
  m_StereoConvergence: 10
  m_StereoSeparation: 0.022
--- !u!4 &2019518135
Transform:
  m_ObjectHideFlags: 0
  m_PrefabParentObject: {fileID: 0}
  m_PrefabInternal: {fileID: 0}
  m_GameObject: {fileID: 2019518129}
  m_LocalRotation: {x: -0.084250025, y: 0.49621958, z: -0.048461135, w: -0.8627396}
  m_LocalPosition: {x: -2.301535, y: 1.3936357, z: 4.73029}
  m_LocalScale: {x: 1, y: 1, z: 1}
  m_Children:
  - {fileID: 771512765}
  - {fileID: 1200179130}
  m_Father: {fileID: 0}
  m_RootOrder: 0
  m_LocalEulerAnglesHint: {x: 0, y: 0, z: 0}
--- !u!114 &2019518136
MonoBehaviour:
  m_ObjectHideFlags: 0
  m_PrefabParentObject: {fileID: 0}
  m_PrefabInternal: {fileID: 0}
  m_GameObject: {fileID: 2019518129}
  m_Enabled: 1
  m_EditorHideFlags: 0
  m_Script: {fileID: 11500000, guid: 4d4f4fea914a24571b49213f0546250e, type: 3}
  m_Name: 
  m_EditorClassIdentifier: 
--- !u!114 &2019518137
MonoBehaviour:
  m_ObjectHideFlags: 0
  m_PrefabParentObject: {fileID: 0}
  m_PrefabInternal: {fileID: 0}
  m_GameObject: {fileID: 2019518129}
  m_Enabled: 1
  m_EditorHideFlags: 0
  m_Script: {fileID: 11500000, guid: b618e927bc7a1ee47bc655b126332273, type: 3}
  m_Name: 
  m_EditorClassIdentifier: 
  shader: {fileID: 7200000, guid: 2ea722719d5cff24abaabe61c6ef6170, type: 3}
  raysPerPixel: 8
  raysDepth: 8
  tonemapping: 1
  meshTransformArray: []
  meshDataArray: []
  ambientColor: {r: 0, g: 0, b: 0, a: 0}
  debugData: 0000000000000000000000000000000000000000000000000000000000000000000000000000000000000000000000000000000000000000000000000000000000000000000000000000000000000000000000000000000000000000000000000000000000000000000000000000000000000000000000000000000000000000000000000000000000000000000000000000000000000000000000000000000000000000000000000000000000000000000000000000000000000000000000000000000000000000
  globalSize: 0
  lastWidht: 0
  lastHeight: 0
--- !u!1 &2053886720 stripped
GameObject:
  m_PrefabParentObject: {fileID: 1621402223243538, guid: 2231305a264f8374caf01db51df24d3d,
    type: 2}
  m_PrefabInternal: {fileID: 59904924}
--- !u!108 &2053886721
Light:
  m_ObjectHideFlags: 0
  m_PrefabParentObject: {fileID: 0}
  m_PrefabInternal: {fileID: 0}
  m_GameObject: {fileID: 2053886720}
  m_Enabled: 1
  serializedVersion: 8
  m_Type: 2
  m_Color: {r: 1, g: 1, b: 1, a: 1}
  m_Intensity: 2
  m_Range: 10
  m_SpotAngle: 30
  m_CookieSize: 10
  m_Shadows:
    m_Type: 2
    m_Resolution: -1
    m_CustomResolution: -1
    m_Strength: 1
    m_Bias: 0.05
    m_NormalBias: 0.4
    m_NearPlane: 0.2
  m_Cookie: {fileID: 0}
  m_DrawHalo: 0
  m_Flare: {fileID: 0}
  m_RenderMode: 0
  m_CullingMask:
    serializedVersion: 2
    m_Bits: 4294967295
  m_Lightmapping: 4
  m_AreaSize: {x: 1, y: 1}
  m_BounceIntensity: 1
  m_ColorTemperature: 6570
  m_UseColorTemperature: 0
  m_ShadowRadius: 0
  m_ShadowAngle: 0
